@article{abayomi2023augmentation,
  title={Audio Data Augmentation Techniques: A Review for Deep Learning Applications},
  author={Abayomi-Alli, Adebayo and Misra, Sanjay and Alqahtani, Saeed and Alzahrani, Abdullah},
  journal={Electronics},
  volume={11},
  number={22},
  pages={3795},
  year={2022},
  publisher={MDPI},
  doi={10.3390/electronics11223795},
  url={https://www.mdpi.com/2079-9292/11/22/3795}
}

@article{iqbal2021mel,
  title={Mel-spectrogram and CNN-based Acoustic Scene Classification: A Systematic Review},
  author={Iqbal, Misbah and Malik, Muhammad Adeel and Baig, Muhammad Hasan and Farooq, Muhammad and Ahmed, Faraz},
  journal={arXiv preprint arXiv:2102.05151},
  year={2021},
  url={https://arxiv.org/abs/2102.05151}
}

@article{palanisamy2024cnn,
  title={Evaluation of CNN Architectures for Environmental Sound Classification},
  author={Palanisamy, Karthik and Govindan, Harish and Bhuvaneswaran, S},
  journal={International Journal of Advanced Computer Science and Applications (IJACSA)},
  volume={15},
  number={7},
  year={2024},
  pages={28--34},
  url={https://thesai.org/Publications/ViewPaper?Volume=15&Issue=7&Code=IJACSA&SerialNo=4}
}

@inproceedings{AlEmadi2019Audio,
  author = {Sara A. Al-Emadi and Abdulla K. Al-Ali and Abdulaziz Al-Ali and Amr Mohamed},
  title = {Audio Based Drone Detection and Identification using Deep Learning},
  booktitle = {Proceedings of the IWCMC 2019 Vehicular Symposium (IWCMC-VehicularCom 2019)},
  address = {Tangier, Morocco},
  month = jun,
  year = {2019}
}


@misc{freesound,
  author = {{Freesound.org contributors}},
  title = {Freesound: Collaborative database of Creative Commons Licensed sounds},
  howpublished = {\url{https://freesound.org/}},
  year = {2024},
  note = {Accessed: 2024-05-09}
}

@misc{bbc_sfx,
  author = {{BBC Sound Effects Archive}},
  title = {BBC Rewind: Sound Effects Archive},
  howpublished = {\url{https://sound-effects.bbcrewind.co.uk/}},
  year = {2024},
  note = {Accessed: 2024-05-09}
}
